<?xml version="1.0" encoding="UTF-8"?><collection xmlns="http://www.loc.gov/MARC21/slim"><record><leader>00456nam--2200133-i-4500</leader><controlfield tag="001">000019478</controlfield><controlfield tag="002">20161230</controlfield><controlfield tag="005">20161230201033</controlfield><controlfield tag="008">060222s1000------------r-----000-0-eng-d</controlfield><datafield ind1=" " ind2=" " tag="080"><subfield code="a">543.42(043)</subfield></datafield><datafield ind1=" " ind2=" " tag="100"><subfield code="a">Fitte-hygounenc, Odile</subfield></datafield><datafield ind1=" " ind2=" " tag="245"><subfield code="a">Contribution a la determination des metaloides par spectrographie d`emission.application aux produits biologiques et pharmaceutiques.these</subfield></datafield><datafield ind1=" " ind2=" " tag="260"><subfield code="a">Tolouse, Universite Paul Sabatier, 1972. 133 P</subfield></datafield><datafield ind1=" " ind2=" " tag="852"><subfield code="a">40749</subfield></datafield></record></collection>